<?xml version="1.0" encoding="UTF-8"?><collection xmlns="http://www.loc.gov/MARC21/slim"><record><leader>00581nam--2200193-i-4500</leader><controlfield tag="001">000013462</controlfield><controlfield tag="002">20161230</controlfield><controlfield tag="005">20161230201030</controlfield><controlfield tag="008">060222s1000------------r-----000-0-eng-d</controlfield><datafield ind1=" " ind2=" " tag="040"><subfield code="a">IFIN-HH</subfield></datafield><datafield ind1=" " ind2=" " tag="080"><subfield code="a">801.323.2=590=20</subfield></datafield><datafield ind1="1" ind2=" " tag="100"><subfield code="a">Bantas, Andrei</subfield></datafield><datafield ind1="1" ind2="0" tag="245"><subfield code="a">Dictionar frazeologic roman-englez</subfield><subfield code="c">Andrei bantas, andreea gheorghitoiu, leon levitchi</subfield></datafield><datafield ind1=" " ind2=" " tag="250"><subfield code="a">Editia A Ii-a, Revizuita Si Adaugita</subfield></datafield><datafield ind1=" " ind2=" " tag="260"><subfield code="a">Bucuresti</subfield><subfield code="b">Editura Stiintifica Si Enciclopedica</subfield><subfield code="c">1981</subfield></datafield><datafield ind1=" " ind2=" " tag="300"><subfield code="a">654 P</subfield></datafield><datafield ind1="1" ind2=" " tag="700"><subfield code="a">Levitchi, Leon</subfield></datafield><datafield ind1=" " ind2=" " tag="852"><subfield code="a">D.548</subfield><subfield code="c">SLG</subfield></datafield><datafield ind1=" " ind2=" " tag="CAT"><subfield code="a">Sys</subfield><subfield code="c">20130218</subfield><subfield code="h">152424</subfield></datafield></record></collection>